@article{Guler,
author = "Ulkuhan Guler and Maysam Ghovanloo",
title = "Power Management in Wireless Power-Sipping Devices: A Survey",
journal = "IEEE Circuits and Systems Magazine",
volume = "",
number = "",
year = "2017",
DOI = "10.1109/MCAS.2017.2757090",
keywords = ""
}

@article{Kumar,
author = "Vikash Kumar and Yashdeep Singh and Ravi Kumar Prinshu and Aminul Islam",
title = "Low Voltage Charge Pump for RF Energy Harvesting Applications",
journal = "Indian Journal of Science and Technology",
volume = "9",
number = "44",
year = "2016",
DOI = "10.17485/ijst/2016/v9i44/99512",
keywords = ""
}

@article{Vyas,
author = "Rushi Vyas and Benjamin Cook and Yoshihiro Kawahara and Manaos Tentzeris",
title = "E-WEHP: A Batteryless Embedded Sensor-Platform Wireless Powered From Ambient Digital-TV Signals",
journal = "IEEE Microwave Theory and Techniques",
volume = "61",
number = "6",
year = "2013",
DOI = "10.1109/TMTT.2013.225861",
keywords = ""
}

@techreport{Parks,
author = "Aaron Parks and Alanson Sample and Yi Zhao and Joshua Smith",
title = "A Wireless Sensing Platform Utilizing Ambient RF Energy",
institution = "University of Washington",
year = "",
keywords = ""
}

@article{Vinco,
author = "Davor Vinko",
title = "Applicability of Dickson Charge Pump in Energy Harvesting Systems: Experimental Validation of Energy Harvesting Charge Pump Model",
journal = "Experimental Radio Engineering",
volume = "27",
number = "2",
year = "2018",
DOI = "",
keywords = ""
}